<record><leader>00000cas a2200000 a 4500</leader><controlfield tag="001">10405992</controlfield><controlfield tag="008">840211d17291778pauwr ne      0    0eng c</controlfield><datafield ind1=" " ind2=" " tag="010"><subfield code="a">sn 84026371 </subfield></datafield><datafield ind1=" " ind2=" " tag="040"><subfield code="a">NPU</subfield><subfield code="b">eng</subfield><subfield code="c">NPU</subfield><subfield code="d">NPV</subfield><subfield code="d">NPH</subfield><subfield code="d">UNP</subfield><subfield code="d">DLC</subfield><subfield code="d">NPX</subfield><subfield code="d">NJW</subfield><subfield code="d">DLC</subfield><subfield code="d">OCL</subfield><subfield code="d">DLC</subfield><subfield code="d">KNP</subfield><subfield code="d">ANU</subfield><subfield code="d">MFN</subfield><subfield code="d">DLC</subfield><subfield code="d">CNK</subfield><subfield code="d">FUG</subfield><subfield code="d">NVK</subfield><subfield code="d">OBN</subfield><subfield code="d">NVK</subfield><subfield code="d">OCL</subfield><subfield code="d">TGN</subfield><subfield code="d">CVF</subfield><subfield code="d">NYS</subfield><subfield code="d">OCLCG</subfield><subfield code="d">CUI</subfield><subfield code="d">KRTAS</subfield><subfield code="d">DLC</subfield><subfield code="d">OCLCQ</subfield><subfield code="d">OCLCA</subfield><subfield code="d">OCLCF</subfield><subfield code="d">OCLCO</subfield><subfield code="d">CUS</subfield><subfield code="d">OCLCO</subfield></datafield><datafield ind1=" " ind2=" " tag="019"><subfield code="a">1645868</subfield></datafield><datafield ind1="1" ind2=" " tag="029"><subfield code="a">AU@</subfield><subfield code="b">000025841579</subfield></datafield><datafield ind1="1" ind2=" " tag="029"><subfield code="a">NZ1</subfield><subfield code="b">16069657</subfield></datafield><datafield ind1=" " ind2=" " tag="042"><subfield code="a">pcc</subfield></datafield><datafield ind1=" " ind2=" " tag="043"><subfield code="a">n-us-pa</subfield></datafield><datafield ind1="0" ind2="0" tag="050"><subfield code="a">Newspaper</subfield></datafield><datafield ind1=" " ind2="4" tag="050"><subfield code="a">AN</subfield></datafield><datafield ind1="0" ind2=" " tag="130"><subfield code="a">Pennsylvania gazette (Philadelphia, Pa. : 1729)</subfield></datafield><datafield ind1="1" ind2="4" tag="245"><subfield code="a">The Pennsylvania gazette.</subfield></datafield><datafield ind1=" " ind2=" " tag="260"><subfield code="a">Philadelphia, Pa. :</subfield><subfield code="b">B. Franklin and H. Meredith,</subfield><subfield code="c">1729-1778.</subfield></datafield><datafield ind1=" " ind2=" " tag="300"><subfield code="a">v.</subfield></datafield><datafield ind1=" " ind2=" " tag="310"><subfield code="a">Weekly,</subfield><subfield code="b">Dec. 9/16, 1729-June 20, 1778</subfield></datafield><datafield ind1=" " ind2=" " tag="321"><subfield code="a">Weekly,</subfield><subfield code="b">Sept. 25/Oct. 2-Oct. 16/23, 1729</subfield></datafield><datafield ind1=" " ind2=" " tag="321"><subfield code="a">Semiweekly,</subfield><subfield code="b">Oct. 23/27-Dec. 4/9, 1729</subfield></datafield><datafield ind1="0" ind2=" " tag="362"><subfield code="a">No. 40 (Sept. 25-Oct. 2, 1729)-[no. 2533] (June 20, 1778).</subfield></datafield><datafield ind1=" " ind2=" " tag="500"><subfield code="a">Published at York, Pa., Dec. 20, 1777-June 20, 1778.</subfield></datafield><datafield ind1=" " ind2=" " tag="500"><subfield code="a">Benjamin Franklin was owner and publisher from 1730-1750.</subfield></datafield><datafield ind1=" " ind2=" " tag="515"><subfield code="a">Suspended between Nov. 1 and 14, 1765; between Nov. 27, 1776 and Feb. 5, 1777; and between Sept. 10 and Dec. 20, 1777.</subfield></datafield><datafield ind1=" " ind2=" " tag="530"><subfield code="a">Also issued on microfilm from the Historical Society of Pennsylvania, Microfilming Corp. of America, Birth of America Series, and Microsurance, Inc.</subfield></datafield><datafield ind1=" " ind2=" " tag="580"><subfield code="a">Also available on CD-ROM with title: Accessible archives Pennsylvania gazette.</subfield></datafield><datafield ind1=" " ind2=" " tag="580"><subfield code="a">German translations of news from Pennsylvania gazette (Philadelphia, Pa. : 1729) appeared in Franklin's: Pensylvanische Fama, oder: Ordentliche Relation derer einlauffenden Neuigkeiten.</subfield></datafield><datafield ind1=" " ind2="0" tag="651"><subfield code="a">Philadelphia (Pa.)</subfield><subfield code="v">Newspapers.</subfield></datafield><datafield ind1=" " ind2="0" tag="651"><subfield code="a">Philadelphia County (Pa.)</subfield><subfield code="v">Newspapers.</subfield></datafield><datafield ind1=" " ind2="0" tag="651"><subfield code="a">York (Pa.)</subfield><subfield code="v">Newspapers.</subfield></datafield><datafield ind1=" " ind2="0" tag="651"><subfield code="a">York County (Pa.)</subfield><subfield code="v">Newspapers.</subfield></datafield><datafield ind1=" " ind2="7" tag="651"><subfield code="a">Pennsylvania</subfield><subfield code="z">Philadelphia.</subfield><subfield code="2">fast</subfield><subfield code="0">(OCoLC)fst01204170</subfield></datafield><datafield ind1=" " ind2="7" tag="651"><subfield code="a">Pennsylvania</subfield><subfield code="z">Philadelphia County.</subfield><subfield code="2">fast</subfield><subfield code="0">(OCoLC)fst01217128</subfield></datafield><datafield ind1=" " ind2="7" tag="651"><subfield code="a">Pennsylvania</subfield><subfield code="z">York.</subfield><subfield code="2">fast</subfield><subfield code="0">(OCoLC)fst01202834</subfield></datafield><datafield ind1=" " ind2="7" tag="651"><subfield code="a">Pennsylvania</subfield><subfield code="z">York County.</subfield><subfield code="2">fast</subfield><subfield code="0">(OCoLC)fst01214906</subfield></datafield><datafield ind1=" " ind2="7" tag="655"><subfield code="a">Newspapers.</subfield><subfield code="2">fast</subfield><subfield code="0">(OCoLC)fst01423814</subfield></datafield><datafield ind1="1" ind2=" " tag="700"><subfield code="a">Franklin, Benjamin,</subfield><subfield code="d">1706-1790.</subfield></datafield><datafield ind1=" " ind2=" " tag="752"><subfield code="a">United States</subfield><subfield code="b">Pennsylvania</subfield><subfield code="c">Philadelphia</subfield><subfield code="d">Philadelphia.</subfield></datafield><datafield ind1=" " ind2=" " tag="752"><subfield code="a">United States</subfield><subfield code="b">Pennsylvania</subfield><subfield code="c">York</subfield><subfield code="d">York.</subfield></datafield><datafield ind1="0" ind2="0" tag="780"><subfield code="t">Universal instructor in all arts and sciences: and Pennsylvania gazette</subfield><subfield code="w">(DLC)sn 84026369</subfield><subfield code="w">(OCoLC)10405968</subfield></datafield><datafield ind1="0" ind2="0" tag="785"><subfield code="t">Pennsylvania gazette and weekly advertiser</subfield><subfield code="w">(DLC)sn 84026368</subfield><subfield code="w">(OCoLC)10405959</subfield></datafield><datafield ind1="1" ind2=" " tag="787"><subfield code="t">Pensylvanische Fama, oder: Ordentliche Relation derer einlauffenden Neuigkeiten</subfield><subfield code="w">(DLC)sn 83025843</subfield><subfield code="w">(OCoLC)9841312</subfield></datafield><datafield ind1="1" ind2=" " tag="787"><subfield code="t">Accessible archives Pennsylvania gazette</subfield><subfield code="x">1065-139X</subfield><subfield code="w">(DLC)   92644633</subfield><subfield code="w">(OCoLC)26514595</subfield></datafield><datafield ind1="4" ind2="1" tag="856"><subfield code="3">12/16/1736 to 12/27/1775</subfield><subfield code="u">http://infoweb.newsbank.com/?db=EANX&amp;s_browseRef=decades/10D34C656629FD30/all.xml</subfield></datafield><datafield ind1=" " ind2=" " tag="938"><subfield code="a">Kirtas Technologies, Inc.</subfield><subfield code="b">KRTS</subfield><subfield code="n">738167</subfield></datafield></record>